@online{MSP,
url = ". http://hyperledger-fabric.readthedocs.io/en/release-1.1/msp.html",
title = "Membership Service Providers (MSP)",
year = "2017",
urldate = "2022-10-12"
}

@online{HF,
url= "https://github.com/hyperledger/fabric",
title = "Hyperledger Fabric",
urldate = "2022-10-12"
}

@inproceedings{androulaki2018hyperledger,
  title={Hyperledger fabric: a distributed operating system for permissioned blockchains},
  author={Androulaki, Elli and Barger, Artem and Bortnikov, Vita and Cachin, Christian and Christidis, Konstantinos and De Caro, Angelo and Enyeart, David and Ferris, Christopher and Laventman, Gennady and Manevich, Yacov and others},
  booktitle={Proceedings of the thirteenth EuroSys conference},
  pages={1--15},
  year={2018}
}

@online{digitizing-global,
url= "https://www.ibm.com/blogs/blockchain/2018/01/digitizing-global-trade-maersk-ibm/ ",
title = "Digitizing Global Trade with Maersk and IBM. 2018",
urldate = "2022-10-12"
}

@online{securekey,
url= " https://securekey.com/",
title = "SecureKey: Building Trusted Identity Networks",
urldate = "2022-10-12"
}



@online{everledger,
url= " https://www.everledger.io/",
title = "Everledgerâ€”Tech for Good Blockchain Solutions",
urldate = "2022-10-12"
}

@online{chaincodes,
url = "http://hyperledger-fabric.readthedocs.io/en/release-1.1/msp.html",
title = "Chaincodes",
year = "2017",
urldate = "2022-10-12"
}

@inproceedings{vukolic2017rethinking,
  title={Rethinking permissioned blockchains},
  author={Vukoli{\'c}, Marko},
  booktitle={Proceedings of the ACM workshop on blockchain, cryptocurrencies and contracts},
  pages={3--7},
  year={2017}
}

@article{papadimitriou1984concurrency,
  title={On concurrency control by multiple versions},
  author={Papadimitriou, Christos and Kanellakis, Paris},
  journal={ACM Transactions on Database Systems (TODS)},
  volume={9},
  number={1},
  pages={89--99},
  year={1984},
  publisher={ACM New York, NY, USA}
}

@online{Go-SDK,
url = "https://github.com/hyperledger/fabric-sdk-go",
title = "Go SDK for Fabric Client/Application",
urldate = "2022-10-12"
}

@online{Java-SDK,
url = "https://github.com/hyperledger/fabric-sdk-java",
title = "Java SDK for Fabric Client/Application",
urldate = "2022-10-12"
}

@online{Node-SDK,
url = "https://github.com/hyperledger/fabric-sdk-node",
title = "Node SDK for Fabric Client/Application",
urldate = "2022-10-12"
}

@article{gottlieb2002evolutionary,
  title={Evolutionary algorithms for the satisfiability problem},
  author={Gottlieb, Jens and Marchiori, Elena and Rossi, Claudio},
  journal={Evolutionary computation},
  volume={10},
  number={1},
  pages={35--50},
  year={2002},
  publisher={MIT Press}
}

@online{CouchDB,
url = " http://couchdb.apache.org/",
title = "CouchDB",
urldate = "2022-10-12"
}

@online{GoLevelDB,
url = "https://github.com/syndtr/goleveldb",
title = "GoLevelDB",
urldate = "2022-10-12"
}

@misc{hyperledger2018hyperledger,
  title={Hyperledger fabricdocs documentation},
  author={Hyperledger, Fabric},
  year={2018}
}